<record><leader>00000cas a22000007a 4500</leader><controlfield tag="001">24301963</controlfield><controlfield tag="008">910828d18541856nyuwr ne      0    0eng d</controlfield><datafield ind1=" " ind2=" " tag="010"><subfield code="a">sn 91066637 </subfield></datafield><datafield ind1=" " ind2=" " tag="040"><subfield code="a">NYS</subfield><subfield code="b">eng</subfield><subfield code="c">NYS</subfield><subfield code="d">OCL</subfield><subfield code="d">OCLCQ</subfield><subfield code="d">OCLCF</subfield><subfield code="d">OCLCO</subfield></datafield><datafield ind1=" " ind2=" " tag="042"><subfield code="a">msc</subfield></datafield><datafield ind1=" " ind2=" " tag="043"><subfield code="a">n-us-ny</subfield></datafield><datafield ind1="0" ind2=" " tag="130"><subfield code="a">Rough notes (Kinderhook, N.Y. : 1854)</subfield></datafield><datafield ind1="1" ind2="0" tag="245"><subfield code="a">Rough notes.</subfield></datafield><datafield ind1=" " ind2=" " tag="260"><subfield code="a">Kinderhook, N.Y. :</subfield><subfield code="b">P.H. Van Vleck,</subfield><subfield code="c">1854-1856.</subfield></datafield><datafield ind1=" " ind2=" " tag="300"><subfield code="a">3 v. ;</subfield><subfield code="c">55 cm.</subfield></datafield><datafield ind1=" " ind2=" " tag="310"><subfield code="a">Weekly</subfield></datafield><datafield ind1="0" ind2=" " tag="362"><subfield code="a">Vol. 1, no. 1 (Apr. 13, 1854)-v. 3, no. 1 (Apr. 10, 1856).</subfield></datafield><datafield ind1=" " ind2=" " tag="500"><subfield code="a">"Een=dracht maakt macht."</subfield></datafield><datafield ind1=" " ind2="0" tag="651"><subfield code="a">Kinderhook (N.Y.)</subfield><subfield code="v">Newspapers.</subfield></datafield><datafield ind1=" " ind2="7" tag="655"><subfield code="a">Newspapers.</subfield><subfield code="2">fast</subfield><subfield code="0">(OCoLC)fst01423814</subfield></datafield><datafield ind1=" " ind2="7" tag="651"><subfield code="a">New York (State)</subfield><subfield code="z">Kinderhook.</subfield><subfield code="2">fast</subfield><subfield code="0">(OCoLC)fst01235600</subfield></datafield><datafield ind1=" " ind2=" " tag="752"><subfield code="a">United States</subfield><subfield code="b">New York</subfield><subfield code="c">Columbia</subfield><subfield code="d">Kinderhook.</subfield></datafield><datafield ind1="0" ind2="0" tag="780"><subfield code="t">Kinderhook sentinel</subfield><subfield code="w">(DLC)sn 83031170</subfield><subfield code="w">(OCoLC)9807013</subfield></datafield><datafield ind1="0" ind2="0" tag="785"><subfield code="t">Kinderhook rough notes (Kinderhook, N.Y.)</subfield><subfield code="w">(DLC)sn 88074876</subfield><subfield code="w">(OCoLC)2267299</subfield></datafield></record>